@misc{Webots,
  author = {Webots},
  title  = {http://www.cyberbotics.com},
  note   = {Open-source Mobile Robot Simulation Software},
  editor = {Cyberbotics Ltd.},
  url    = {http://www.cyberbotics.com},
  year   = {2020}
},
@document{cupic2018unm,
  author = {Marko Čupić},
  title  = { Umjetne neuronske mreže},
  url    = {http://java.zemris.fer.hr/nastava/ui/ann/ann-20180604.pdf},
  year   = {2018}
},
@article{mcculloch43a,
  added-at = {2008-02-26T11:58:58.000+0100},
  author = {Mcculloch, Warren and Pitts, Walter},
  biburl = {https://www.bibsonomy.org/bibtex/26fbacb0ae04bc17d296d9265dfc90dff/schaul},
  citeulike-article-id = {2380493},
  description = {idsia},
  interhash = {3e8e0d06f376f3eb95af89d5a2f15957},
  intrahash = {6fbacb0ae04bc17d296d9265dfc90dff},
  journal = {Bulletin of Mathematical Biophysics},
  keywords = {evolutionary},
  pages = {127--147},
  priority = {2},
  timestamp = {2008-02-26T12:00:58.000+0100},
  title = {A Logical Calculus of Ideas Immanent in Nervous Activity},
  volume = 5,
  year = 1943
},
@article{scikit-learn,
 title={Scikit-learn: Machine Learning in {P}ython},
 author={Pedregosa, F. and Varoquaux, G. and Gramfort, A. and Michel, V.
         and Thirion, B. and Grisel, O. and Blondel, M. and Prettenhofer, P.
         and Weiss, R. and Dubourg, V. and Vanderplas, J. and Passos, A. and
         Cournapeau, D. and Brucher, M. and Perrot, M. and Duchesnay, E.},
 journal={Journal of Machine Learning Research},
 volume={12},
 pages={2825--2830},
 year={2011}
},
@misc{chollet2015keras,
  title={Keras},
  author={Chollet, Fran\c{c}ois and others},
  year={2015},
  howpublished={\url{https://keras.io}},
},
@inproceedings{DBLP:conf/his/WiklendtCS08,
  author    = {Lukasz Wiklendt and
               Stephan K. Chalup and
               Mar{\'{\i}}a M. Seron},
  editor    = {Fatos Xhafa and
               Francisco Herrera and
               Ajith Abraham and
               Mario K{\"{o}}ppen and
               Jos{\'{e}} Manuel Ben{\'{\i}}tez},
  title     = {Quadratic Leaky Integrate-and-Fire Neural Network Tuned with an Evolution-Strategy
               for a Simulated 3D Biped Walking Controller},
  booktitle = {8th International Conference on Hybrid Intelligent Systems {(HIS}
               2008), September 10-12, 2008, Barcelona, Spain},
  pages     = {144--149},
  publisher = {{IEEE} Computer Society},
  year      = {2008},
  url       = {https://doi.org/10.1109/HIS.2008.146},
  doi       = {10.1109/HIS.2008.146},
  timestamp = {Wed, 16 Oct 2019 14:14:55 +0200},
  biburl    = {https://dblp.org/rec/conf/his/WiklendtCS08.bib},
  bibsource = {dblp computer science bibliography, https://dblp.org}
},
@article{zhang2019biped,
author = {Zhang, Kuangen and Hou, Zhimin and Silva, Clarence and Yu, Haoyong and Fu, Chenglong},
year = {2019},
month = {10},
pages = {},
title = {Teach Biped Robots to Walk via Gait Principles and Reinforcement Learning with Adversarial Critics}
}